@article{brake2016computing,
  title={Computing complex and real tropical curves using monodromy},
  author={Brake, Danielle A and Hauenstein, Jonathan D and Vinzant, Cynthia},
  journal={arXiv preprint arXiv:1605.04203},
  year={2016}
}

@article{hauenstein2013numerically,
  title={Numerically computing real points on algebraic sets},
  author={Hauenstein, Jonathan D},
  journal={Acta applicandae mathematicae},
  volume={125},
  number={1},
  pages={105--119},
  year={2013},
  publisher={Springer}
}


@book{bates2013numerically,
  title={Numerically solving polynomial systems with Bertini},
  author={Bates, Daniel J and Hauenstein, Jonathan D and Sommese, Andrew J and Wampler, Charles W},
  volume={25},
  year={2013},
  publisher={SIAM}
}

@article{dai2003computing,
  title={Computing all nonsingular solutions of cyclic-n polynomial using polyhedral homotopy continuation methods},
  author={Dai, Yang and Kim, Sunyoung and Kojima, Masakazu},
  journal={Journal of Computational and Applied Mathematics},
  volume={152},
  number={1-2},
  pages={83--97},
  year={2003},
  publisher={Elsevier}
}



@article{endrass1995projective,
  title={A projective surface of degree eight with 168 nodes},
  author={Endrass, Stephan},
  journal={arXiv preprint alg-geom/9507011},
  year={1995}
}


